Fiscal Year,TTM,FY 2023,FY 2022,FY 2021,FY 2020,FY 2019,2018,Currency,Fiscal_Year_period
Period Ending,"Sep '24 Sep 30, 2024","Dec '23 Dec 31, 2023","Dec '22 Dec 31, 2022","Dec '21 Dec 31, 2021","Dec '20 Dec 31, 2020","Dec '19 Dec 31, 2019",2018,,
Revenue,"188,287,847","160,835,847","84,873,992","63,192,506","48,259,601","16,941,426",Upgrade,Financials in USD,Fiscal year is January - December
Revenue Growth (YoY),26.895%,89.500%,34.310%,30.943%,184.862%,88.925%,Upgrade,Financials in USD,Fiscal year is January - December
Cost of Revenue,"95,633,972","79,866,972","64,162,019","47,393,399","29,519,143","8,461,551",Upgrade,Financials in USD,Fiscal year is January - December
Gross Profit,"92,653,875","80,968,875","20,711,973","15,799,107","18,740,458","8,479,875",Upgrade,Financials in USD,Fiscal year is January - December
"Selling, General & Admin","69,328,983","63,055,983","56,691,990","41,372,130","21,687,643","15,464,426",Upgrade,Financials in USD,Fiscal year is January - December
Operating Expenses,"84,044,109","77,683,109","68,993,456","46,139,526","24,263,906","16,920,206",Upgrade,Financials in USD,Fiscal year is January - December
Operating Income,"8,609,766","3,285,766","-48,281,483","-30,340,419","-5,523,448","-8,440,331",Upgrade,Financials in USD,Fiscal year is January - December
Interest Expense,"-10,086,733","-9,818,733","-7,608,490","-2,736,875","-2,179,137","-636,762",Upgrade,Financials in USD,Fiscal year is January - December
Interest & Investment Income,138,"45,138","56,468","64,837","115,572","443,523",Upgrade,Financials in USD,Fiscal year is January - December
Earnings From Equity Investments,"4,351","-2,101,649","-2,006,639","-1,089,047",-,-,Upgrade,Financials in USD,Fiscal year is January - December
Other Non Operating Income (Expenses),"275,423","-2,314,577","222,959","707,784","-232,375","19,419",Upgrade,Financials in USD,Fiscal year is January - December
EBT Excluding Unusual Items,"-1,197,055","-10,904,055","-57,617,185","-33,393,720","-7,819,388","-8,614,151",Upgrade,Financials in USD,Fiscal year is January - December
Merger & Restructuring Charges,-,-,"-2,261,195","-5,017,471","-479,502",-,Upgrade,Financials in USD,Fiscal year is January - December
Impairment of Goodwill,"-23,767,601","-37,911,601","-5,850,772",-,-,-,Upgrade,Financials in USD,Fiscal year is January - December
Gain (Loss) on Sale of Investments,-,-,-,"-817,875","-2,126,112","-1,147,968",Upgrade,Financials in USD,Fiscal year is January - December
Gain (Loss) on Sale of Assets,-,-,-,"-6,090,337",-,-,Upgrade,Financials in USD,Fiscal year is January - December
Asset Writedown,"-14,348,928","-14,902,928",-,-,-,-,Upgrade,Financials in USD,Fiscal year is January - December
Other Unusual Items,"-4,485,013","-24,399,013","28,379,302","4,031,634","184,057",-,Upgrade,Financials in USD,Fiscal year is January - December
Pretax Income,"-43,798,597","-88,117,597","-37,349,850","-41,287,769","-10,240,945","-9,762,119",Upgrade,Financials in USD,Fiscal year is January - December
Income Tax Expense,"5,754,382","9,943,382","-4,385,154","2,012,737","6,418,533","972,520",Upgrade,Financials in USD,Fiscal year is January - December
Earnings From Continuing Operations,"-49,552,979","-98,060,979","-32,964,696","-43,300,506","-16,659,478","-10,734,639",Upgrade,Financials in USD,Fiscal year is January - December
Minority Interest in Earnings,"-228,439","-208,439","61,675","197,774",-,"511,465",Upgrade,Financials in USD,Fiscal year is January - December
Net Income,"-49,781,418","-98,269,418","-32,903,021","-43,102,732","-16,659,478","-10,223,174",Upgrade,Financials in USD,Fiscal year is January - December
Preferred Dividends & Other Adjustments,"16,772,488","18,442,488","20,250,481","1,797,423",-,-,Upgrade,Financials in USD,Fiscal year is January - December
Net Income to Common,"-66,553,906","-116,711,906","-53,153,502","-44,900,155","-16,659,478","-10,223,174",Upgrade,Financials in USD,Fiscal year is January - December
Shares Outstanding (Basic),"73,631,119","72,028,902","64,182,436","40,280,639","21,265,601",-,Upgrade,Financials in USD,Fiscal year is January - December
Shares Outstanding (Diluted),"73,631,119","72,028,902","64,182,436","40,280,639","21,265,601",-,Upgrade,Financials in USD,Fiscal year is January - December
Shares Change (YoY),-0.352%,12.225%,59.338%,89.417%,-,-,Upgrade,Financials in USD,Fiscal year is January - December
EPS (Basic),-0.904,-1.620,-0.828,-1.115,-0.783,-,Upgrade,Financials in USD,Fiscal year is January - December
EPS (Diluted),-0.907,-1.620,-0.828,-1.115,-0.783,-,Upgrade,Financials in USD,Fiscal year is January - December
Free Cash Flow,"7,831,568","10,914,568","-68,550,285","-128,781,074","-11,548,268","-9,159,444",Upgrade,Financials in USD,Fiscal year is January - December
Free Cash Flow Per Share,0.106,0.152,-1.068,-3.197,-0.543,-,Upgrade,Financials in USD,Fiscal year is January - December
Gross Margin,49.209%,50.343%,24.403%,25.002%,38.833%,50.054%,Upgrade,Financials in USD,Fiscal year is January - December
Operating Margin,4.573%,2.043%,-56.886%,-48.013%,-11.445%,-49.821%,Upgrade,Financials in USD,Fiscal year is January - December
Profit Margin,-35.347%,-72.566%,-62.626%,-71.053%,-34.521%,-60.344%,Upgrade,Financials in USD,Fiscal year is January - December
Free Cash Flow Margin,4.159%,6.786%,-80.767%,-203.792%,-23.929%,-54.065%,Upgrade,Financials in USD,Fiscal year is January - December
EBITDA,"23,324,892","17,912,892","-35,980,017","-25,573,023","-2,947,185","-6,984,551",Upgrade,Financials in USD,Fiscal year is January - December
EBITDA Margin,12.388%,11.137%,-42.392%,-40.468%,-6.107%,-41.228%,Upgrade,Financials in USD,Fiscal year is January - December
D&A For EBITDA,"14,715,126","14,627,126","12,301,466","4,767,396","2,576,263","1,455,780",Upgrade,Financials in USD,Fiscal year is January - December
EBIT,"8,609,766","3,285,766","-48,281,483","-30,340,419","-5,523,448","-8,440,331",Upgrade,Financials in USD,Fiscal year is January - December
EBIT Margin,4.573%,2.043%,-56.886%,-48.013%,-11.445%,-49.821%,Upgrade,Financials in USD,Fiscal year is January - December
Advertising Expenses,-,-,-,-,-,"9,736",Upgrade,Financials in USD,Fiscal year is January - December
