Fiscal Year,TTM,FY 2023,FY 2022,FY 2021,FY 2020,FY 2019,2018 - 2017,Currency,Fiscal_Year_period
Period Ending,"Aug '24 Aug 31, 2024","Nov '23 Nov 30, 2023","Nov '22 Nov 30, 2022","Nov '21 Nov 30, 2021","Nov '20 Nov 30, 2020","Nov '19 Nov 30, 2019",2018 - 2017,,
Revenue,"29,669,000","26,344,000","20,149,000","9,499,000","7,907,000","2,361,000",Upgrade,Financials in CAD,Fiscal year is December - November
Revenue Growth (YoY),0.819%,30.746%,112.117%,20.134%,234.900%,3970.690%,Upgrade,Financials in CAD,Fiscal year is December - November
Cost of Revenue,"28,544,000","13,912,000","16,235,000","7,600,000","1,755,000","1,040,000",Upgrade,Financials in CAD,Fiscal year is December - November
Gross Profit,"1,125,000","12,432,000","3,914,000","1,899,000","6,152,000","1,321,000",Upgrade,Financials in CAD,Fiscal year is December - November
"Selling, General & Admin","9,780,000","8,799,000","6,983,000","5,906,000","4,057,000","6,886,000",Upgrade,Financials in CAD,Fiscal year is December - November
Operating Expenses,"13,312,000","13,883,000","12,456,000","7,400,000","6,162,000","9,620,000",Upgrade,Financials in CAD,Fiscal year is December - November
Operating Income,"-12,187,000","-1,451,000","-8,542,000","-5,501,000","-10,000","-8,299,000",Upgrade,Financials in CAD,Fiscal year is December - November
Interest Expense,"-1,318,000","-1,275,000","-37,000","-1,148,000","-1,594,000","-1,325,000",Upgrade,Financials in CAD,Fiscal year is December - November
Earnings From Equity Investments,"-263,000","-263,000","1,233,000","-270,000","-426,000","-363,000",Upgrade,Financials in CAD,Fiscal year is December - November
Currency Exchange Gain (Loss),"-3,000","-15,000",-,-,-,-,Upgrade,Financials in CAD,Fiscal year is December - November
Other Non Operating Income (Expenses),"259,000",-,-,-,"1,656,000",-,Upgrade,Financials in CAD,Fiscal year is December - November
EBT Excluding Unusual Items,"-13,512,000","-3,004,000","-7,346,000","-6,919,000","-374,000","-9,987,000",Upgrade,Financials in CAD,Fiscal year is December - November
Impairment of Goodwill,-,-,-,"-910,000","-6,586,000",-,Upgrade,Financials in CAD,Fiscal year is December - November
Gain (Loss) on Sale of Investments,"64,000","6,000","-160,000","-74,000",-,"-519,000",Upgrade,Financials in CAD,Fiscal year is December - November
Gain (Loss) on Sale of Assets,-,-,"7,000","-142,000","331,000","1,163,000",Upgrade,Financials in CAD,Fiscal year is December - November
Asset Writedown,-,-,-,"-4,900,000","-1,798,000",-,Upgrade,Financials in CAD,Fiscal year is December - November
Legal Settlements,"2,000","2,000","130,000",-,-,-,Upgrade,Financials in CAD,Fiscal year is December - November
Other Unusual Items,"-804,000",-,"1,115,000","615,000","-118,000","-250,000",Upgrade,Financials in CAD,Fiscal year is December - November
Pretax Income,"-14,250,000","-2,996,000","-6,254,000","-12,330,000","-8,545,000","-9,593,000",Upgrade,Financials in CAD,Fiscal year is December - November
Income Tax Expense,"885,000","2,178,000","364,000","-1,199,000","1,199,000","-19,000",Upgrade,Financials in CAD,Fiscal year is December - November
Earnings From Continuing Operations,"-15,135,000","-5,174,000","-6,618,000","-11,131,000","-9,744,000","-9,574,000",Upgrade,Financials in CAD,Fiscal year is December - November
Earnings From Discontinued Operations,-,-,-,"-103,000","-427,000","-195,000",Upgrade,Financials in CAD,Fiscal year is December - November
Net Income to Company,"-15,135,000","-5,174,000","-6,618,000","-11,234,000","-10,171,000","-9,769,000",Upgrade,Financials in CAD,Fiscal year is December - November
Minority Interest in Earnings,-,"104,000","-924,000",-,-,-,Upgrade,Financials in CAD,Fiscal year is December - November
Net Income,"-15,135,000","-5,070,000","-7,542,000","-11,234,000","-10,171,000","-9,769,000",Upgrade,Financials in CAD,Fiscal year is December - November
Net Income to Common,"-15,135,000","-5,070,000","-7,542,000","-11,234,000","-10,171,000","-9,769,000",Upgrade,Financials in CAD,Fiscal year is December - November
Shares Outstanding (Basic),"9,623,846","8,353,920","6,707,365","6,069,003","4,487,086","3,353,830",Upgrade,Financials in CAD,Fiscal year is December - November
Shares Outstanding (Diluted),"9,623,846","8,353,920","6,707,365","6,069,003","4,487,086","3,353,830",Upgrade,Financials in CAD,Fiscal year is December - November
Shares Change (YoY),24.141%,24.548%,10.518%,35.255%,33.790%,31.783%,Upgrade,Financials in CAD,Fiscal year is December - November
EPS (Basic),-1.573,-0.607,-1.124,-1.851,-2.267,-2.913,Upgrade,Financials in CAD,Fiscal year is December - November
EPS (Diluted),-1.573,-0.607,-1.124,-1.851,-2.267,-2.913,Upgrade,Financials in CAD,Fiscal year is December - November
Free Cash Flow,"2,220,000","1,855,000","-4,904,000","-6,217,000","-1,720,000","-15,490,000",Upgrade,Financials in CAD,Fiscal year is December - November
Free Cash Flow Per Share,0.231,0.222,-0.731,-1.024,-0.383,-4.619,Upgrade,Financials in CAD,Fiscal year is December - November
Gross Margin,3.792%,47.191%,19.425%,19.991%,77.804%,55.951%,Upgrade,Financials in CAD,Fiscal year is December - November
Operating Margin,-41.077%,-5.508%,-42.394%,-57.911%,-0.126%,-351.504%,Upgrade,Financials in CAD,Fiscal year is December - November
Profit Margin,-51.013%,-19.245%,-37.431%,-118.265%,-128.633%,-413.765%,Upgrade,Financials in CAD,Fiscal year is December - November
Free Cash Flow Margin,7.483%,7.041%,-24.339%,-65.449%,-21.753%,-656.078%,Upgrade,Financials in CAD,Fiscal year is December - November
EBITDA,"-12,992,000","-158,000","-7,178,000","-4,795,000","377,000","-7,298,000",Upgrade,Financials in CAD,Fiscal year is December - November
EBITDA Margin,-43.790%,-0.600%,-35.624%,-50.479%,4.768%,-,Upgrade,Financials in CAD,Fiscal year is December - November
D&A For EBITDA,"-805,000","1,293,000","1,364,000","706,000","387,000","1,001,000",Upgrade,Financials in CAD,Fiscal year is December - November
EBIT,"-12,187,000","-1,451,000","-8,542,000","-5,501,000","-10,000","-8,299,000",Upgrade,Financials in CAD,Fiscal year is December - November
EBIT Margin,-41.077%,-5.508%,-42.394%,-57.911%,-0.126%,-,Upgrade,Financials in CAD,Fiscal year is December - November
Revenue as Reported,"29,669,000","26,344,000","20,149,000","9,499,000","7,907,000","2,361,000",Upgrade,Financials in CAD,Fiscal year is December - November
