Fiscal Year,TTM,FY 2023,FY 2022,FY 2021,FY 2020,FY 2019,2018,Currency,Fiscal_Year_period
Period Ending,"Dec '23 Dec 31, 2023","Dec '23 Dec 31, 2023","Dec '22 Dec 31, 2022","Dec '21 Dec 31, 2021","Dec '20 Dec 31, 2020","Dec '19 Dec 31, 2019",2018,,
Revenue,"17,417,000","17,417,000","16,410,000","15,374,000","12,117,000","7,834,000",Upgrade,Financials in USD,Fiscal year is January - December
Revenue Growth (YoY),6.137%,6.137%,6.739%,26.880%,54.672%,-,Upgrade,Financials in USD,Fiscal year is January - December
Cost of Revenue,"10,861,000","10,861,000","9,193,000","8,565,000","4,704,000","4,732,000",Upgrade,Financials in USD,Fiscal year is January - December
Gross Profit,"6,556,000","6,556,000","7,217,000","6,809,000","7,413,000","3,102,000",Upgrade,Financials in USD,Fiscal year is January - December
"Selling, General & Admin","20,029,000","20,029,000","25,727,000","42,194,000","31,396,000","38,162,000",Upgrade,Financials in USD,Fiscal year is January - December
Research & Development,"1,140,000","1,140,000","1,719,000","1,546,000","1,009,000",-,Upgrade,Financials in USD,Fiscal year is January - December
Operating Expenses,"22,150,000","22,150,000","28,687,000","45,508,000","34,259,000","39,642,000",Upgrade,Financials in USD,Fiscal year is January - December
Operating Income,"-15,594,000","-15,594,000","-21,470,000","-38,699,000","-26,846,000","-36,540,000",Upgrade,Financials in USD,Fiscal year is January - December
Interest Expense,"-46,000","-46,000","-2,672,000","-6,818,000","-4,455,000","-2,684,000",Upgrade,Financials in USD,Fiscal year is January - December
Earnings From Equity Investments,-,-,"-64,000","-95,000","-4,000","-96,000",Upgrade,Financials in USD,Fiscal year is January - December
Currency Exchange Gain (Loss),"-433,000","-433,000","-963,000","-1,276,000","-491,000","-1,575,000",Upgrade,Financials in USD,Fiscal year is January - December
Other Non Operating Income (Expenses),"82,000","82,000","1,872,000","17,358,000","10,407,000","-955,000",Upgrade,Financials in USD,Fiscal year is January - December
EBT Excluding Unusual Items,"-15,991,000","-15,991,000","-23,297,000","-29,530,000","-21,389,000","-41,850,000",Upgrade,Financials in USD,Fiscal year is January - December
Merger & Restructuring Charges,-,-,"-6,449,000",-,-,-,Upgrade,Financials in USD,Fiscal year is January - December
Impairment of Goodwill,-,-,-,"-18,508,000","-1,682,000",-,Upgrade,Financials in USD,Fiscal year is January - December
Gain (Loss) on Sale of Investments,"-3,738,000","-3,738,000","6,851,000",-,"-464,000","-756,000",Upgrade,Financials in USD,Fiscal year is January - December
Asset Writedown,-,-,"-19,000,000",-,-,-,Upgrade,Financials in USD,Fiscal year is January - December
Other Unusual Items,-,-,"-2,263,000","3,262,000","-2,360,000","-3,374,000",Upgrade,Financials in USD,Fiscal year is January - December
Pretax Income,"-19,729,000","-19,729,000","-44,158,000","-44,776,000","-25,895,000","-45,980,000",Upgrade,Financials in USD,Fiscal year is January - December
Income Tax Expense,"68,000","68,000","-6,354,000","950,000",-,-,Upgrade,Financials in USD,Fiscal year is January - December
Earnings From Continuing Operations,"-19,797,000","-19,797,000","-37,804,000","-45,726,000","-25,895,000","-45,980,000",Upgrade,Financials in USD,Fiscal year is January - December
Earnings From Discontinued Operations,"1,898,000","1,898,000","-28,361,000",-,-,-,Upgrade,Financials in USD,Fiscal year is January - December
Net Income to Company,"-17,899,000","-17,899,000","-66,165,000","-45,726,000","-25,895,000","-45,980,000",Upgrade,Financials in USD,Fiscal year is January - December
Minority Interest in Earnings,-,-,-,-,-,"6,450,000",Upgrade,Financials in USD,Fiscal year is January - December
Net Income,"-17,899,000","-17,899,000","-66,165,000","-45,726,000","-25,895,000","-39,530,000",Upgrade,Financials in USD,Fiscal year is January - December
Preferred Dividends & Other Adjustments,-,-,-,-,"10,219,000",-,Upgrade,Financials in USD,Fiscal year is January - December
Net Income to Common,"-17,899,000","-17,899,000","-66,165,000","-45,726,000","-36,114,000","-39,530,000",Upgrade,Financials in USD,Fiscal year is January - December
Shares Outstanding (Basic),"1,567,601","1,567,601","1,279,746","856,336","360,519","260,493",Upgrade,Financials in USD,Fiscal year is January - December
Shares Outstanding (Diluted),"1,567,601","1,567,601","1,279,746","856,336","360,519","260,493",Upgrade,Financials in USD,Fiscal year is January - December
Shares Change (YoY),22.493%,22.493%,49.444%,137.529%,38.399%,-,Upgrade,Financials in USD,Fiscal year is January - December
EPS (Basic),-11.418,-11.418,-51.702,-53.397,-100.172,-151.751,Upgrade,Financials in USD,Fiscal year is January - December
EPS (Diluted),-11.418,-11.418,-51.702,-53.397,-100.172,-151.751,Upgrade,Financials in USD,Fiscal year is January - December
Free Cash Flow,"-11,539,000","-11,539,000","-30,372,000","-43,513,000","-25,626,000","-55,727,000",Upgrade,Financials in USD,Fiscal year is January - December
Free Cash Flow Per Share,-7.361,-7.361,-23.733,-50.813,-71.081,-213.929,Upgrade,Financials in USD,Fiscal year is January - December
Gross Margin,37.641%,37.641%,43.979%,44.289%,61.178%,39.597%,Upgrade,Financials in USD,Fiscal year is January - December
Operating Margin,-89.533%,-89.533%,-130.835%,-251.717%,-221.556%,-466.428%,Upgrade,Financials in USD,Fiscal year is January - December
Profit Margin,-102.767%,-102.767%,-403.199%,-297.424%,-298.044%,-504.595%,Upgrade,Financials in USD,Fiscal year is January - December
Free Cash Flow Margin,-66.251%,-66.251%,-185.082%,-283.030%,-211.488%,-711.348%,Upgrade,Financials in USD,Fiscal year is January - December
EBITDA,"-13,220,000","-13,220,000","-17,798,000","-35,191,000","-23,256,000","-35,060,000",Upgrade,Financials in USD,Fiscal year is January - December
EBITDA Margin,-75.903%,-75.903%,-108.458%,-228.899%,-191.929%,-,Upgrade,Financials in USD,Fiscal year is January - December
D&A For EBITDA,"2,374,000","2,374,000","3,672,000","3,508,000","3,590,000","1,480,000",Upgrade,Financials in USD,Fiscal year is January - December
EBIT,"-15,594,000","-15,594,000","-21,470,000","-38,699,000","-26,846,000","-36,540,000",Upgrade,Financials in USD,Fiscal year is January - December
EBIT Margin,-89.533%,-89.533%,-130.835%,-251.717%,-221.556%,-,Upgrade,Financials in USD,Fiscal year is January - December
