Fiscal Quarter,Q2 2021,Q1 2021,Q4 2020,Q3 2020,Q2 2020,Q1 2020,Q4 2019,Q3 2019,Q2 2019,Q1 2019,Q1 2013,Q4 2012,Q3 2012,Q2 2012,Q1 2012,Q4 2011,Q3 2011,Q2 2011,Q1 2011,Q4 2010,+11 Quarters,Currency,Fiscal_Year_period
Period Ending,"Aug '20 Aug 31, 2020","May '20 May 31, 2020","Feb '20 Feb 29, 2020","Nov '19 Nov 30, 2019","Aug '19 Aug 31, 2019","May '19 May 31, 2019","Feb '19 Feb 28, 2019","Nov '18 Nov 30, 2018","Aug '18 Aug 31, 2018","May '18 May 31, 2018","May '12 May 31, 2012","Feb '12 Feb 29, 2012","Nov '11 Nov 30, 2011","Aug '11 Aug 31, 2011","May '11 May 31, 2011","Feb '11 Feb 28, 2011","Nov '10 Nov 30, 2010","Aug '10 Aug 31, 2010","May '10 May 31, 2010","Feb '10 Feb 28, 2010",+11 Quarters,,
Revenue,-,"3,000","5,000","10,320","8,090","10,780","20,927","20,927","33,246","41,549",-,-,-,-,-,-,-,-,-,-,Upgrade,Financials in USD,Fiscal year is March - February
Revenue Growth (YoY),-,-72.171%,-76.107%,-50.686%,-75.666%,-74.055%,-,-,-,-,-,-,-,-,-,-,-,-,-,-,Upgrade,Financials in USD,Fiscal year is March - February
Cost of Revenue,-,-,"-6,068","10,156","6,318","5,302","3,482","3,482","9,232","12,933",-,-,-,-,-,-,-,-,-,-,Upgrade,Financials in USD,Fiscal year is March - February
Gross Profit,-,"3,000","11,068",164,"1,772","5,478","17,446","17,446","24,014","28,616",-,-,-,-,-,-,-,-,-,-,Upgrade,Financials in USD,Fiscal year is March - February
"Selling, General & Admin","239,598","140,736","-14,731","28,680","3,977","10,849","17,224","17,224","23,862","32,704","209,598","601,835","897,367","214,324","81,631","231,882","15,593","11,024","14,401","1,000",Upgrade,Financials in USD,Fiscal year is March - February
Operating Expenses,"239,598","141,409","-12,733","31,677","4,976","11,848","18,223","18,223","24,861","33,703","209,598","601,835","897,367","214,324","81,631","231,882","15,593","11,524","14,401","1,500",Upgrade,Financials in USD,Fiscal year is March - February
Operating Income,"-239,598","-138,409","23,801","-31,513","-3,204","-6,370",-777,-777,-847,"-5,087","-209,598","-601,835","-897,367","-214,324","-81,631","-231,882","-15,593","-11,524","-14,401","-1,500",Upgrade,Financials in USD,Fiscal year is March - February
Interest Expense,-,-,-,-,-,-,-,-,-,-,"-3,354","-1,373","-2,059","-1,077","-1,953",-,-,-,-,-,Upgrade,Financials in USD,Fiscal year is March - February
Interest & Investment Income,-,-,-,-,-,-,-,-,-,-,-,-,-,2,-,-,-,-,-,-,Upgrade,Financials in USD,Fiscal year is March - February
Currency Exchange Gain (Loss),-,-,-,-,-,-,-,-,-,-,582,201,178,-42,-,-,-,-,-,-,Upgrade,Financials in USD,Fiscal year is March - February
Other Non Operating Income (Expenses),-,1,1,-,-,-,1,1,-,-1,"-151,872",-,-,-,-,-,-,-,-,-99,Upgrade,Financials in USD,Fiscal year is March - February
EBT Excluding Unusual Items,"-239,598","-138,408","23,802","-31,513","-3,204","-6,370",-776,-776,-847,"-5,088","-364,242","-603,007","-899,248","-215,441","-83,584","-231,882","-15,593","-11,524","-14,401","-1,599",Upgrade,Financials in USD,Fiscal year is March - February
Impairment of Goodwill,-,-,"-235,738",-,-,-,-,-,-,-,-,-,-,-,-,-,-,-,-,-,Upgrade,Financials in USD,Fiscal year is March - February
Pretax Income,"-239,598","-138,408","-211,936","-31,513","-3,204","-6,370",-776,-776,-847,"-5,088","-364,242","-603,007","-899,248","-215,441","-83,584","-231,882","-15,593","-11,524","-14,401","-1,599",Upgrade,Financials in USD,Fiscal year is March - February
Net Income,"-239,598","-138,408","-211,936","-31,513","-3,204","-6,370",-776,-776,-847,"-5,088","-364,242","-603,007","-899,248","-215,441","-83,584","-231,882","-15,593","-11,524","-14,401","-1,599",Upgrade,Financials in USD,Fiscal year is March - February
Net Income to Common,"-239,598","-138,408","-211,936","-31,513","-3,204","-6,370",-776,-776,-847,"-5,088","-364,242","-603,007","-899,248","-215,441","-83,584","-231,882","-15,593","-11,524","-14,401","-1,599",Upgrade,Financials in USD,Fiscal year is March - February
Shares Outstanding (Basic),"174,165,805","187,165,805","531,494,000","373,294,139","373,294,139","739,994,000","898,188,862","898,188,862","898,188,862","898,188,862",-,-,-,-,-,-,-,-,-,-,Upgrade,Financials in USD,Fiscal year is March - February
Shares Outstanding (Diluted),"174,165,805","187,165,805","531,494,000","373,294,139","373,294,139","739,994,000","898,188,862","898,188,862","898,188,862","898,188,862",-,-,-,-,-,-,-,-,-,-,Upgrade,Financials in USD,Fiscal year is March - February
Shares Change (YoY),-53.344%,-74.707%,-40.826%,-58.439%,-58.439%,-17.613%,-,-,-,-,-,-,-,-,-,-,-,-,-,-,Upgrade,Financials in USD,Fiscal year is March - February
EPS (Basic),-0.001,-0.001,-0.000,-0.000,-0.000,-0.000,-,-,-,-0.000,-,-,-,-,-,-,-,-,-,-,Upgrade,Financials in USD,Fiscal year is March - February
EPS (Diluted),-0.001,-0.001,-0.000,-0.000,-0.000,-0.000,-,-,-,-0.000,-,-,-,-,-,-,-,-,-,-,Upgrade,Financials in USD,Fiscal year is March - February
Free Cash Flow,"-209,467","-209,467","-211,413","-31,339","-2,205","-1,670",814,814,"-1,161","-1,089","-231,881","-11,085","-3,854","-7,650","-42,313","-41,752",-693,"-1,070","-6,522","-5,181",Upgrade,Financials in USD,Fiscal year is March - February
Free Cash Flow Per Share,-0.001,-0.001,-0.000,-0.000,-0.000,-0.000,0.000,0.000,-0.000,-0.000,-,-,-,-,-,-,-,-,-,-,Upgrade,Financials in USD,Fiscal year is March - February
Gross Margin,-,100.000%,221.360%,1.589%,21.904%,50.816%,83.366%,83.366%,72.231%,68.873%,-,-,-,-,-,-,-,-,-,-,Upgrade,Financials in USD,Fiscal year is March - February
Operating Margin,-,-4613.633%,476.020%,-305.359%,-39.604%,-59.091%,-3.713%,-3.713%,-2.548%,-12.243%,-,-,-,-,-,-,-,-,-,-,Upgrade,Financials in USD,Fiscal year is March - February
Profit Margin,-,-4613.600%,-4238.720%,-305.359%,-39.604%,-59.091%,-3.708%,-3.708%,-2.548%,-12.246%,-,-,-,-,-,-,-,-,-,-,Upgrade,Financials in USD,Fiscal year is March - February
Free Cash Flow Margin,-,-6982.233%,-4228.260%,-303.672%,-27.256%,-15.492%,3.890%,3.890%,-3.492%,-2.621%,-,-,-,-,-,-,-,-,-,-,Upgrade,Financials in USD,Fiscal year is March - February
EBITDA,"-238,925","-137,736","25,799","-29,515","-2,205","-5,371",222,222,152,"-4,088",-,"-601,710","-897,242","-214,199","-81,506","-231,757","-15,468","-11,399","-14,276","-1,375",Upgrade,Financials in USD,Fiscal year is March - February
EBITDA Margin,-,-,515.980%,-285.998%,-27.256%,-49.824%,1.061%,1.061%,0.457%,-9.839%,-,-,-,-,-,-,-,-,-,-,Upgrade,Financials in USD,Fiscal year is March - February
D&A For EBITDA,673,673,"1,998","1,998",999,999,999,999,999,999,-,125,125,125,125,125,125,125,125,125,Upgrade,Financials in USD,Fiscal year is March - February
EBIT,"-239,598","-138,409","23,801","-31,513","-3,204","-6,370",-777,-777,-847,"-5,087","-209,598","-601,835","-897,367","-214,324","-81,631","-231,882","-15,593","-11,524","-14,401","-1,500",Upgrade,Financials in USD,Fiscal year is March - February
EBIT Margin,-,-,476.020%,-,-39.604%,-59.091%,-3.713%,-3.713%,-2.548%,-12.243%,-,-,-,-,-,-,-,-,-,-,Upgrade,Financials in USD,Fiscal year is March - February
