Fiscal Quarter,Q3 2024,Q2 2024,Q1 2024,Q4 2023,Q3 2023,Q2 2023,Q1 2023,Q4 2022,Q3 2022,Q2 2022,Q1 2022,Q4 2021,Q3 2021,Q2 2021,Q1 2021,Q4 2020,Q3 2020,Q2 2020,Q1 2020,Q4 2019,+20 Quarters,Currency,Fiscal_Year_period
Period Ending,"Jul '24 Jul 31, 2024","Apr '24 Apr 30, 2024","Jan '24 Jan 31, 2024","Oct '23 Oct 31, 2023","Jul '23 Jul 31, 2023","Apr '23 Apr 30, 2023","Jan '23 Jan 31, 2023","Oct '22 Oct 31, 2022","Jul '22 Jul 31, 2022","Apr '22 Apr 30, 2022","Jan '22 Jan 31, 2022","Oct '21 Oct 31, 2021","Jul '21 Jul 31, 2021","Apr '21 Apr 30, 2021","Jan '21 Jan 31, 2021","Oct '20 Oct 31, 2020","Jul '20 Jul 31, 2020","Apr '20 Apr 30, 2020","Jan '20 Jan 31, 2020","Oct '19 Oct 31, 2019",+20 Quarters,,
Revenue,"1,091,000","1,131,000","1,154,000","1,421,884","1,221,000","845,000","1,070,000",-,"1,713,214","1,735,173","1,599,147","1,666,076","1,367,895","1,195,076","1,368,440","983,265","767,333","608,230","696,948","585,644",Upgrade,Financials in USD,Fiscal year is November - October
Revenue Growth (YoY),-10.647%,33.846%,7.850%,-,-28.730%,-51.302%,-33.089%,-,25.245%,45.194%,16.859%,69.443%,78.266%,96.484%,96.348%,67.895%,32.595%,68.034%,296.099%,136.017%,Upgrade,Financials in USD,Fiscal year is November - October
Cost of Revenue,"176,000","284,000","159,000","132,909","162,000","108,000","104,000",-,"208,749","126,418","149,120","107,345","136,044","136,321","168,171","100,701","100,907","97,278","99,720","106,197",Upgrade,Financials in USD,Fiscal year is November - October
Gross Profit,"915,000","847,000","995,000","1,288,975","1,059,000","737,000","966,000",-,"1,504,465","1,608,755","1,450,027","1,558,731","1,231,851","1,058,755","1,200,269","882,564","666,426","510,952","597,228","479,447",Upgrade,Financials in USD,Fiscal year is November - October
"Selling, General & Admin","2,083,000","2,408,000","2,157,000","2,411,464","2,505,000","2,650,000","3,142,000",-,"4,266,895","2,867,017","3,091,459","2,511,113","2,624,808","3,057,858","9,365,630","6,029,161","5,913,107","1,866,830","1,286,013","1,190,187",Upgrade,Financials in USD,Fiscal year is November - October
Research & Development,-,-,-,-,-,-,-,-,-,-,-,-,-,"234,300",-,-,-,-,-,-,Upgrade,Financials in USD,Fiscal year is November - October
Operating Expenses,"2,083,000","2,408,000","2,157,000","2,411,464","2,505,000","2,650,000","3,142,000",-,"4,266,895","2,867,017","3,091,459","2,511,113","2,624,808","3,292,158","9,365,630","6,029,161","5,913,107","1,866,830","1,286,013","1,190,187",Upgrade,Financials in USD,Fiscal year is November - October
Operating Income,"-1,168,000","-1,561,000","-1,162,000","-1,122,489","-1,446,000","-1,913,000","-2,176,000",-,"-2,762,430","-1,258,262","-1,641,432","-952,382","-1,392,957","-2,233,403","-8,165,361","-5,146,597","-5,246,681","-1,355,878","-688,785","-710,740",Upgrade,Financials in USD,Fiscal year is November - October
Interest Expense,"-23,000","-20,000","-27,000","-90,022","-172,000","-109,000","-61,000",-,"-133,648","-149,242","-40,304","-6,151","-19,473","-6,092","-6,209","-33,567","-12,379","-108,285","-23,513","-14,666",Upgrade,Financials in USD,Fiscal year is November - October
Other Non Operating Income (Expenses),"3,000","148,000","60,000","-10,000",-,"31,000","-50,000",-,"42,770","-48,539","-12,000",381,"3,522",-,"21,565","15,361",300,"1,200","15,857","3,327",Upgrade,Financials in USD,Fiscal year is November - October
EBT Excluding Unusual Items,"-1,188,000","-1,433,000","-1,129,000","-1,222,511","-1,618,000","-1,991,000","-2,287,000",-,"-2,853,308","-1,456,043","-1,693,736","-958,152","-1,408,908","-2,239,495","-8,150,005","-5,164,803","-5,258,760","-1,462,963","-696,441","-722,079",Upgrade,Financials in USD,Fiscal year is November - October
Gain (Loss) on Sale of Investments,"-45,000",-,-,"-100,000",-,-,-,-,-,-,-,-,-,-,-,-,-,-,-,-,Upgrade,Financials in USD,Fiscal year is November - October
Gain (Loss) on Sale of Assets,-,-,-,"340,611",-,-,-,-,-,-,-,-,-,-,-,-,-,-,-,-,Upgrade,Financials in USD,Fiscal year is November - October
Asset Writedown,-,-,-,"33,300",-,-,-,-,-,-,-,-,-,-,-,-,-,-,-,-,Upgrade,Financials in USD,Fiscal year is November - October
Other Unusual Items,"221,000","34,000",-,"-142,405",-,-,-,-,"125,851",-,-,-,-,-,-,-,-,-,-,-,Upgrade,Financials in USD,Fiscal year is November - October
Pretax Income,"-1,012,000","-1,399,000","-1,040,000","-1,091,005","-1,618,000","-1,991,000","-2,287,000",-,"-2,727,457","-1,456,043","-1,693,736","-958,152","-1,408,908","-2,239,495","-8,150,005","-5,164,803","-5,258,760","-1,462,963","-696,441","-722,079",Upgrade,Financials in USD,Fiscal year is November - October
Earnings From Continuing Operations,"-1,012,000","-1,399,000","-1,040,000","-1,091,005","-1,618,000","-1,991,000","-2,287,000",-,"-2,727,457","-1,456,043","-1,693,736","-958,152","-1,408,908","-2,239,495","-8,150,005","-5,164,803","-5,258,760","-1,462,963","-696,441","-722,079",Upgrade,Financials in USD,Fiscal year is November - October
Net Income to Company,"-1,012,000","-1,399,000","-1,040,000","-1,091,005","-1,618,000","-1,991,000","-2,287,000",-,"-2,727,457","-1,456,043","-1,693,736","-958,152","-1,408,908","-2,239,495","-8,150,005","-5,164,803","-5,258,760","-1,462,963","-696,441","-722,079",Upgrade,Financials in USD,Fiscal year is November - October
Net Income,"-1,012,000","-1,399,000","-1,040,000","-1,091,005","-1,618,000","-1,991,000","-2,287,000",-,"-2,727,457","-1,456,043","-1,693,736","-958,152","-1,408,908","-2,239,495","-8,150,005","-5,164,803","-5,258,760","-1,462,963","-696,441","-722,079",Upgrade,Financials in USD,Fiscal year is November - October
Net Income to Common,"-1,012,000","-1,399,000","-1,040,000","-1,091,005","-1,618,000","-1,991,000","-2,287,000",-,"-2,727,457","-1,456,043","-1,693,736","-958,152","-1,408,908","-2,239,495","-8,150,005","-5,164,803","-5,258,760","-1,462,963","-696,441","-722,079",Upgrade,Financials in USD,Fiscal year is November - October
Shares Outstanding (Basic),"6,259,975","6,173,768","6,190,794","7,033,537","7,103,521","7,265,608","7,009,549",-,"5,435,387","5,389,830","5,296,134","5,582,613","5,511,066","5,342,206","4,832,816","4,425,289","3,674,208","2,787,654","2,525,274","2,491,726",Upgrade,Financials in USD,Fiscal year is November - October
Shares Outstanding (Diluted),"6,259,975","6,173,768","6,190,794","7,033,537","7,103,521","7,265,608","7,009,549",-,"5,435,387","5,389,830","5,296,134","5,582,613","5,511,066","5,342,206","4,832,816","4,425,289","3,674,208","2,787,654","2,525,274","2,491,726",Upgrade,Financials in USD,Fiscal year is November - October
Shares Change (YoY),-11.875%,-15.028%,-11.681%,-,30.690%,34.802%,32.352%,-,-1.373%,0.891%,9.587%,26.153%,49.993%,91.638%,91.378%,77.599%,54.206%,23.319%,14.574%,13.851%,Upgrade,Financials in USD,Fiscal year is November - October
EPS (Basic),-0.162,-0.227,-0.168,-0.155,-0.228,-0.274,-0.326,-,-0.502,-0.270,-0.320,-0.172,-0.256,-0.419,-1.686,-1.167,-1.431,-0.525,-0.276,-0.290,Upgrade,Financials in USD,Fiscal year is November - October
EPS (Diluted),-0.162,-0.227,-0.168,-0.155,-0.228,-0.274,-0.326,-,-0.502,-0.270,-0.320,-0.421,-0.256,-0.419,-1.686,-1.167,-1.431,-0.525,-0.276,-0.290,Upgrade,Financials in USD,Fiscal year is November - October
Free Cash Flow,"-94,000","-415,000","-575,000","214,717","-468,000","-671,000","-1,299,000",-,"-915,783","-293,851","-715,128","-759,362","-681,450","-1,135,255","-529,029","-838,907","-412,670","-393,661","-305,955","-192,886",Upgrade,Financials in USD,Fiscal year is November - October
Free Cash Flow Per Share,-0.015,-0.067,-0.093,0.031,-0.066,-0.092,-0.185,-,-0.168,-0.055,-0.135,-0.136,-0.124,-0.213,-0.109,-0.190,-0.112,-0.141,-0.121,-0.077,Upgrade,Financials in USD,Fiscal year is November - October
Gross Margin,83.868%,74.889%,86.222%,90.653%,86.732%,87.219%,90.280%,-,87.815%,92.714%,90.675%,93.557%,90.054%,88.593%,87.711%,89.758%,86.850%,84.006%,85.692%,81.867%,Upgrade,Financials in USD,Fiscal year is November - October
Operating Margin,-107.058%,-138.019%,-100.693%,-78.944%,-118.428%,-226.391%,-203.364%,-,-161.243%,-72.515%,-102.644%,-57.163%,-101.832%,-186.884%,-596.691%,-523.419%,-683.755%,-222.922%,-98.829%,-121.360%,Upgrade,Financials in USD,Fiscal year is November - October
Profit Margin,-92.759%,-123.696%,-90.121%,-76.730%,-132.514%,-235.621%,-213.738%,-,-159.201%,-83.913%,-105.915%,-57.510%,-102.998%,-187.394%,-595.569%,-525.271%,-685.330%,-240.528%,-99.927%,-123.297%,Upgrade,Financials in USD,Fiscal year is November - October
Free Cash Flow Margin,-8.616%,-36.693%,-49.827%,15.101%,-38.329%,-79.408%,-121.402%,-,-53.454%,-16.935%,-44.719%,-45.578%,-49.817%,-94.994%,-38.659%,-85.319%,-53.780%,-64.722%,-43.899%,-32.936%,Upgrade,Financials in USD,Fiscal year is November - October
EBITDA,"-1,150,000","-1,542,000","-1,143,000","-1,105,990","-1,288,000","-1,757,000","-2,020,000",-,"-2,725,494","-1,239,657","-1,627,262","-937,661","-1,379,832","-2,220,739","-8,153,169","-5,135,701","-5,235,961","-1,347,153","-682,351","-704,818",Upgrade,Financials in USD,Fiscal year is November - October
EBITDA Margin,-105.408%,-136.339%,-99.047%,-77.783%,-105.487%,-207.929%,-188.785%,-,-159.087%,-71.443%,-101.758%,-56.280%,-100.873%,-185.824%,-,-,-,-221.487%,-97.906%,-120.349%,Upgrade,Financials in USD,Fiscal year is November - October
D&A For EBITDA,"18,000","19,000","19,000","16,499","158,000","156,000","156,000","262,797","36,936","18,605","14,170","14,721","13,125","12,664","12,192","10,896","10,720","8,725","6,434","5,922",Upgrade,Financials in USD,Fiscal year is November - October
EBIT,"-1,168,000","-1,561,000","-1,162,000","-1,122,489","-1,446,000","-1,913,000","-2,176,000",-,"-2,762,430","-1,258,262","-1,641,432","-952,382","-1,392,957","-2,233,403","-8,165,361","-5,146,597","-5,246,681","-1,355,878","-688,785","-710,740",Upgrade,Financials in USD,Fiscal year is November - October
EBIT Margin,-107.058%,-138.019%,-100.693%,-78.944%,-118.427%,-226.390%,-203.364%,-,-161.243%,-72.515%,-102.644%,-57.163%,-101.832%,-186.884%,-,-,-,-222.922%,-98.829%,-121.360%,Upgrade,Financials in USD,Fiscal year is November - October
