Fiscal Year,TTM,FY 2023,FY 2022,FY 2021,FY 2020,FY 2019,2018 - 2014,Currency,Fiscal_Year_period
Period Ending,"Sep '24 Sep 30, 2024","Dec '23 Dec 31, 2023","Dec '22 Dec 31, 2022","Dec '21 Dec 31, 2021","Dec '20 Dec 31, 2020","Dec '19 Dec 31, 2019",2018 - 2014,,
Revenue,"820,000","1,924,000","18,051,000","5,398,000","6,699,000","6,750,351",Upgrade,Financials in USD,Fiscal year is January - December
Revenue Growth (YoY),-63.539%,-89.341%,234.402%,-19.421%,-0.761%,-3.956%,Upgrade,Financials in USD,Fiscal year is January - December
Cost of Revenue,"10,162,000","9,948,000","25,990,000","50,119,000","25,235,000","11,629,477",Upgrade,Financials in USD,Fiscal year is January - December
Gross Profit,"-9,342,000","-8,024,000","-7,939,000","-44,721,000","-18,536,000","-4,879,126",Upgrade,Financials in USD,Fiscal year is January - December
"Selling, General & Admin","14,684,000","10,300,000","13,911,000","24,658,000","19,759,000","11,607,364",Upgrade,Financials in USD,Fiscal year is January - December
Research & Development,"7,285,000","5,120,000","8,052,000","11,207,000","7,258,000","1,168,133",Upgrade,Financials in USD,Fiscal year is January - December
Operating Expenses,"21,969,000","15,420,000","22,001,000","37,413,000","28,758,000","14,114,493",Upgrade,Financials in USD,Fiscal year is January - December
Operating Income,"-31,311,000","-23,444,000","-29,940,000","-82,134,000","-47,294,000","-18,993,619",Upgrade,Financials in USD,Fiscal year is January - December
Interest Expense,-,"-3,417,000","-4,170,000","-2,391,000",-,-,Upgrade,Financials in USD,Fiscal year is January - December
Interest & Investment Income,"2,182,000",-,-,-,"49,000","121,326",Upgrade,Financials in USD,Fiscal year is January - December
Other Non Operating Income (Expenses),"52,710,000","-762,000","-20,000","-20,000","409,000","-28,287",Upgrade,Financials in USD,Fiscal year is January - December
EBT Excluding Unusual Items,"23,581,000","-27,623,000","-34,130,000","-84,545,000","-46,836,000","-18,900,580",Upgrade,Financials in USD,Fiscal year is January - December
Merger & Restructuring Charges,-,-,"-7,500,000",-,-,-,Upgrade,Financials in USD,Fiscal year is January - December
Impairment of Goodwill,"-3,907,000","-3,907,000",-,-,-,-,Upgrade,Financials in USD,Fiscal year is January - December
Gain (Loss) on Sale of Investments,-,-,-,-,"5,208,000","53,932",Upgrade,Financials in USD,Fiscal year is January - December
Legal Settlements,-,-,-,-,-,"1,600,000",Upgrade,Financials in USD,Fiscal year is January - December
Other Unusual Items,-,-,-,-,-,"1,256,211",Upgrade,Financials in USD,Fiscal year is January - December
Pretax Income,"-7,967,000","-31,530,000","-41,630,000","-84,545,000","-67,177,000","-15,990,437",Upgrade,Financials in USD,Fiscal year is January - December
Income Tax Expense,"-9,000","14,000","28,000","-196,000","-2,793,000","280,316",Upgrade,Financials in USD,Fiscal year is January - December
Earnings From Continuing Operations,"-7,958,000","-31,544,000","-41,658,000","-84,349,000","-64,384,000","-16,270,753",Upgrade,Financials in USD,Fiscal year is January - December
Earnings From Discontinued Operations,-,-,-,"-27,000","884,000","198,206",Upgrade,Financials in USD,Fiscal year is January - December
Net Income,"-7,958,000","-31,544,000","-41,658,000","-84,376,000","-63,500,000","-16,072,547",Upgrade,Financials in USD,Fiscal year is January - December
Preferred Dividends & Other Adjustments,"177,000",-,-,-,-,-,Upgrade,Financials in USD,Fiscal year is January - December
Net Income to Common,"-8,135,000","-31,544,000","-41,658,000","-84,376,000","-63,500,000","-16,072,547",Upgrade,Financials in USD,Fiscal year is January - December
Shares Outstanding (Basic),"2,070,183","277,727","39,202","36,191","25,511","19,849",Upgrade,Financials in USD,Fiscal year is January - December
Shares Outstanding (Diluted),"2,070,183","277,727","39,202","36,191","25,511","19,849",Upgrade,Financials in USD,Fiscal year is January - December
Shares Change (YoY),2315.842%,608.451%,8.320%,41.864%,28.525%,64.395%,Upgrade,Financials in USD,Fiscal year is January - December
EPS (Basic),-3.930,-113.579,-1062.650,-2331.408,-2489.122,-809.741,Upgrade,Financials in USD,Fiscal year is January - December
EPS (Diluted),-75.455,-113.579,-1062.650,-2331.408,-2489.122,-809.741,Upgrade,Financials in USD,Fiscal year is January - December
Free Cash Flow,"-36,778,000","-30,838,000","-26,846,000","-71,005,000","-40,602,000","-19,396,345",Upgrade,Financials in USD,Fiscal year is January - December
Free Cash Flow Per Share,-17.766,-111.037,-684.812,-1961.952,-1591.549,-977.195,Upgrade,Financials in USD,Fiscal year is January - December
Gross Margin,-,-,-43.981%,-,-276.698%,-72.279%,Upgrade,Financials in USD,Fiscal year is January - December
Operating Margin,-3818.415%,-1218.503%,-165.863%,-1521.564%,-705.986%,-281.372%,Upgrade,Financials in USD,Fiscal year is January - December
Profit Margin,-992.073%,-1639.501%,-230.779%,-1563.097%,-947.903%,-238.099%,Upgrade,Financials in USD,Fiscal year is January - December
Free Cash Flow Margin,-4485.122%,-1602.807%,-148.723%,-1315.395%,-606.090%,-287.338%,Upgrade,Financials in USD,Fiscal year is January - December
EBITDA,"-31,167,000","-23,286,000","-29,774,000","-80,477,000","-45,451,000","-17,535,135",Upgrade,Financials in USD,Fiscal year is January - December
EBITDA Margin,-,-,-164.944%,-,-,-259.766%,Upgrade,Financials in USD,Fiscal year is January - December
D&A For EBITDA,"144,000","158,000","166,000","1,657,000","1,843,000","1,458,484",Upgrade,Financials in USD,Fiscal year is January - December
EBIT,"-31,311,000","-23,444,000","-29,940,000","-82,134,000","-47,294,000","-18,993,619",Upgrade,Financials in USD,Fiscal year is January - December
EBIT Margin,-,-,-165.863%,-,-,-281.372%,Upgrade,Financials in USD,Fiscal year is January - December
Revenue as Reported,"820,000","1,924,000","18,051,000","5,398,000","6,699,000","6,750,351",Upgrade,Financials in USD,Fiscal year is January - December
