Fiscal Quarter,Q2 2025,Q1 2025,Q4 2024,Q3 2024,Q2 2024,Q1 2024,Q4 2023,Q3 2023,Q2 2023,Q1 2023,Q4 2022,Q3 2022,Q2 2022,Q1 2022,Q4 2021,Q3 2021,Q2 2021,Q1 2021,Q4 2020,Q3 2020,+20 Quarters,Currency,Fiscal_Year_period
Period Ending,"Nov '24 Nov 24, 2024","Aug '24 Aug 25, 2024","May '24 May 26, 2024","Feb '24 Feb 25, 2024","Nov '23 Nov 26, 2023","Aug '23 Aug 27, 2023","May '23 May 28, 2023","Feb '23 Feb 26, 2023","Nov '22 Nov 27, 2022","Aug '22 Aug 28, 2022","May '22 May 29, 2022","Feb '22 Feb 27, 2022","Nov '21 Nov 28, 2021","Aug '21 Aug 29, 2021","May '21 May 30, 2021","Feb '21 Feb 28, 2021","Nov '20 Nov 29, 2020","Aug '20 Aug 30, 2020","May '20 May 31, 2020","Feb '20 Feb 23, 2020",+20 Quarters,,
Revenue,"32,564,000","24,705,000","37,886,000","35,704,000","30,150,000","24,522,000",-,"26,536,000","21,864,000","23,724,000","21,130,000","37,399,000","11,109,000","41,632,000","44,917,000","44,690,000",-,"135,643,000","156,131,000","152,928,000",Upgrade,Financials in USD,Fiscal year is June - May
Revenue Growth (YoY),8.007%,0.746%,-,34.549%,37.898%,3.364%,-,-29.046%,96.813%,-43.015%,-52.958%,-16.315%,-,-69.308%,-71.231%,-70.777%,-,-2.214%,2.193%,-1.688%,Upgrade,Financials in USD,Fiscal year is June - May
Cost of Revenue,"21,480,000","19,318,000","20,614,000","23,810,000","20,193,000","21,794,000",-,"17,988,000","16,185,000","17,745,000","13,697,000","24,533,000","2,777,000","31,197,000","30,336,000","30,249,000",-,"119,296,000","135,040,000","132,881,000",Upgrade,Financials in USD,Fiscal year is June - May
Gross Profit,"11,084,000","5,387,000","17,272,000","11,894,000","9,957,000","2,728,000",-,"8,548,000","5,679,000","5,979,000","7,433,000","12,866,000","8,332,000","10,435,000","14,581,000","14,441,000",-,"16,347,000","21,091,000","20,047,000",Upgrade,Financials in USD,Fiscal year is June - May
"Selling, General & Admin","10,715,000","12,285,000","12,224,000","9,848,000","9,185,000","7,996,000",-,"10,279,000","8,291,000","8,103,000","5,600,000","14,163,000","4,026,000","9,470,000","9,692,000","9,734,000",-,"17,903,000","17,388,000","18,783,000",Upgrade,Financials in USD,Fiscal year is June - May
Research & Development,"1,924,000","2,186,000","2,161,000","2,170,000","2,098,000","2,146,000",-,"2,234,000","2,177,000","2,211,000","2,117,000","2,000,000","1,849,000","1,873,000","1,900,000","1,843,000",-,"2,508,000","2,709,000","2,747,000",Upgrade,Financials in USD,Fiscal year is June - May
Operating Expenses,"12,639,000","14,471,000","14,385,000","12,018,000","11,283,000","10,142,000",-,"12,513,000","10,468,000","10,314,000","7,717,000","16,163,000","5,875,000","11,343,000","11,592,000","11,577,000",-,"20,411,000","20,097,000","21,530,000",Upgrade,Financials in USD,Fiscal year is June - May
Operating Income,"-1,555,000","-9,084,000","2,887,000","-124,000","-1,326,000","-7,414,000",-,"-3,965,000","-4,789,000","-4,335,000","-284,000","-3,297,000","2,457,000","-908,000","2,989,000","2,864,000",-,"-4,064,000","994,000","-1,483,000",Upgrade,Financials in USD,Fiscal year is June - May
Interest Expense,"-5,465,000","-5,368,000","-5,790,000","-4,289,000","-4,073,000","-3,938,000",-,"-4,833,000","-3,608,000","-3,231,000","-1,674,000","-4,105,000","-3,094,000","-6,678,000","-3,778,000","-2,939,000",-,"-3,109,000","-3,148,000","-2,211,000",Upgrade,Financials in USD,Fiscal year is June - May
Interest & Investment Income,-,-,-,-,-,-,-,-,-,-,"15,000","20,000","19,000","27,000","17,000","13,000",-,"289,000","289,000","327,000",Upgrade,Financials in USD,Fiscal year is June - May
Other Non Operating Income (Expenses),"896,000","697,000","-3,502,000","20,186,000","19,733,000","30,000",-,"104,000","-237,000","-198,000","459,000","5,927,000","79,000","109,000","47,000","72,000",-,"-21,000","-56,000","67,000",Upgrade,Financials in USD,Fiscal year is June - May
EBT Excluding Unusual Items,"-6,124,000","-13,755,000","-6,405,000","15,773,000","14,334,000","-11,322,000",-,"-8,694,000","-8,634,000","-7,764,000","-1,484,000","-1,455,000","-539,000","-7,450,000","-725,000","10,000",-,"-6,905,000","-1,921,000","-3,300,000",Upgrade,Financials in USD,Fiscal year is June - May
Merger & Restructuring Charges,"-404,000","-2,500,000","-738,000","-771,000","-157,000","-1,200,000",-,"-2,566,000","-563,000","-1,047,000","-829,000","-5,270,000","-426,000","-1,834,000","-933,000","-2,023,000",-,"-8,404,000","-3,351,000","-13,528,000",Upgrade,Financials in USD,Fiscal year is June - May
Impairment of Goodwill,-,-,-,-,-,-,-,-,-,-,-,-,-,-,-,-,-,-,"-7,860,000",-,Upgrade,Financials in USD,Fiscal year is June - May
Gain (Loss) on Sale of Investments,-,-,-,-,-,-,-,-,-,-,-,-,-,-,-,-,-,-,"-4,400,000",-,Upgrade,Financials in USD,Fiscal year is June - May
Gain (Loss) on Sale of Assets,-,-,-,-,-,-,-,-,-,"2,108,000",-,-,-,-,-,-,-,-,-,-,Upgrade,Financials in USD,Fiscal year is June - May
Asset Writedown,-,-,-,-,-,-,-,-,-,-,-,-,-,-,-,-,-,-,"-6,393,000",-,Upgrade,Financials in USD,Fiscal year is June - May
Legal Settlements,-,-,-,-,-,-,-,-,-,-,"-1,400,000",-,-,-,-,-,-,-,-,-,Upgrade,Financials in USD,Fiscal year is June - May
Other Unusual Items,-,-,-,-,-,-,-,-,-,-,-,-,-,-,-,"-1,110,000",-,-,"500,000",-,Upgrade,Financials in USD,Fiscal year is June - May
Pretax Income,"-6,528,000","-16,255,000","-7,143,000","15,002,000","14,177,000","-12,522,000",-,"-11,260,000","-9,197,000","-6,703,000","-3,713,000","-6,725,000","-965,000","-9,284,000","-1,658,000","-1,523,000",-,"-15,309,000","-20,425,000","-16,828,000",Upgrade,Financials in USD,Fiscal year is June - May
Income Tax Expense,"43,000","-25,000","-57,000","217,000","-65,000","88,000",-,"70,000","4,000","4,000","380,000","-87,000","-3,853,000","-1,651,000","-878,000","-58,000",-,"-4,309,000","-5,276,000","-5,310,000",Upgrade,Financials in USD,Fiscal year is June - May
Earnings From Continuing Operations,"-6,571,000","-16,230,000","-7,086,000","14,785,000","14,242,000","-12,610,000",-,"-11,330,000","-9,201,000","-6,707,000","-4,093,000","-6,638,000","2,888,000","-7,633,000","-780,000","-1,465,000",-,"-11,000,000","-15,149,000","-11,518,000",Upgrade,Financials in USD,Fiscal year is June - May
Earnings From Discontinued Operations,-,-,"3,000","847,000","-24,000","1,856,000",-,"-25,177,000","-3,605,000","-4,259,000","-51,506,000","-6,448,000","-41,441,000","-1,844,000","-2,086,000","-4,033,000",-,-,-,-,Upgrade,Financials in USD,Fiscal year is June - May
Net Income to Company,"-6,571,000","-16,230,000","-7,083,000","15,632,000","14,218,000","-10,754,000",-,"-36,507,000","-12,806,000","-10,966,000","-55,599,000","-13,086,000","-38,553,000","-9,477,000","-2,866,000","-5,498,000",-,"-11,000,000","-15,149,000","-11,518,000",Upgrade,Financials in USD,Fiscal year is June - May
Net Income,"-6,571,000","-16,230,000","-7,083,000","15,632,000","14,218,000","-10,754,000",-,"-36,507,000","-12,806,000","-10,966,000","-55,599,000","-13,086,000","-38,553,000","-9,477,000","-2,866,000","-5,498,000",-,"-11,000,000","-15,149,000","-11,518,000",Upgrade,Financials in USD,Fiscal year is June - May
Preferred Dividends & Other Adjustments,"2,132,000",-,-,-,-,-,-,-,-,-,-,-,-,-,-,-,-,-,-,-,Upgrade,Financials in USD,Fiscal year is June - May
Net Income to Common,"-8,703,000","-16,230,000","-7,083,000","15,632,000","14,218,000","-10,754,000",-,"-36,507,000","-12,806,000","-10,966,000","-55,599,000","-13,086,000","-38,553,000","-9,477,000","-2,866,000","-5,498,000",-,"-11,000,000","-15,149,000","-11,518,000",Upgrade,Financials in USD,Fiscal year is June - May
Shares Outstanding (Basic),"34,360,657","30,855,742","30,546,000","30,488,000","30,458,032","30,403,392",-,"30,304,000","29,634,000","29,577,000","29,514,000","29,482,000","29,471,000","29,424,000","29,332,000","29,323,000",-,"29,242,000","29,184,000","29,170,000",Upgrade,Financials in USD,Fiscal year is June - May
Shares Outstanding (Diluted),"34,360,657","30,855,742","30,546,000","36,609,000","36,419,103","30,403,392",-,"30,304,000","29,634,000","29,577,000","29,514,000","29,482,000","29,471,000","29,424,000","29,332,000","29,323,000",-,"29,242,000","29,184,000","29,170,000",Upgrade,Financials in USD,Fiscal year is June - May
Shares Change (YoY),-5.652%,1.488%,-,20.806%,22.896%,2.794%,-,2.788%,0.553%,0.520%,0.620%,0.542%,-,0.622%,0.507%,0.525%,-,0.353%,0.582%,0.065%,Upgrade,Financials in USD,Fiscal year is June - May
EPS (Basic),-0.253,-0.526,-0.232,0.513,0.467,-0.354,-,-1.205,-0.432,-0.371,-1.884,-0.444,-1.308,-0.322,-0.098,-0.187,-,-0.376,-0.519,-0.395,Upgrade,Financials in USD,Fiscal year is June - May
EPS (Diluted),-0.253,-0.530,-0.232,0.423,0.389,-0.354,-,-1.205,-0.432,-0.371,-1.885,-0.449,-1.308,-0.323,-0.101,-0.188,-,-0.380,-0.520,-0.395,Upgrade,Financials in USD,Fiscal year is June - May
Free Cash Flow,"-8,580,000","-4,035,000","6,003,000","-7,785,000","-2,973,000","-13,383,000",-,"-18,825,000","-6,201,000","-4,462,000","-11,949,000",-,"-10,234,000","-7,082,000","-7,969,000","-11,832,000",-,"12,398,000","-17,271,000","4,495,000",Upgrade,Financials in USD,Fiscal year is June - May
Free Cash Flow Per Share,-0.250,-0.131,0.197,-0.213,-0.082,-0.440,-,-0.621,-0.209,-0.151,-0.405,-,-0.347,-0.241,-0.272,-0.404,-,0.424,-0.592,0.154,Upgrade,Financials in USD,Fiscal year is June - May
Gross Margin,34.038%,21.805%,45.589%,33.313%,33.025%,11.125%,-,32.213%,25.974%,25.202%,35.177%,34.402%,75.002%,25.065%,32.462%,32.314%,-,12.051%,13.509%,13.109%,Upgrade,Financials in USD,Fiscal year is June - May
Operating Margin,-4.775%,-36.770%,7.620%,-0.347%,-4.398%,-30.234%,-,-14.942%,-21.904%,-18.273%,-1.344%,-8.816%,22.117%,-2.181%,6.654%,6.409%,-,-2.996%,0.637%,-0.970%,Upgrade,Financials in USD,Fiscal year is June - May
Profit Margin,-26.726%,-65.695%,-18.696%,43.782%,47.158%,-43.854%,-,-137.575%,-58.571%,-46.223%,-263.128%,-34.990%,-347.043%,-22.764%,-6.381%,-12.303%,-,-8.110%,-9.703%,-7.532%,Upgrade,Financials in USD,Fiscal year is June - May
Free Cash Flow Margin,-26.348%,-16.333%,15.845%,-21.804%,-9.861%,-54.575%,-,-70.941%,-28.362%,-18.808%,-56.550%,-,-92.124%,-17.011%,-17.742%,-26.476%,-,9.140%,-11.062%,2.939%,Upgrade,Financials in USD,Fiscal year is June - May
EBITDA,"489,000","-7,091,000","4,639,000","2,109,000","440,000","-5,246,000",-,"-752,000","-1,849,000","19,000","1,388,000","-3,008,000","5,042,000","1,546,000","15,874,000","7,266,000",-,"684,000","5,016,000","3,168,000",Upgrade,Financials in USD,Fiscal year is June - May
EBITDA Margin,1.502%,-28.703%,12.245%,5.907%,1.459%,-21.393%,-,-2.834%,-8.457%,0.080%,6.569%,-8.043%,45.387%,3.713%,35.341%,16.259%,-,0.504%,3.213%,2.071%,Upgrade,Financials in USD,Fiscal year is June - May
D&A For EBITDA,"2,044,000","1,993,000","1,752,000","2,233,000","1,766,000","2,168,000","2,170,000","3,213,000","2,940,000","4,354,000","1,672,000","289,000","2,585,000","2,454,000","12,885,000","4,402,000","4,291,000","4,748,000","4,022,000","4,651,000",Upgrade,Financials in USD,Fiscal year is June - May
EBIT,"-1,555,000","-9,084,000","2,887,000","-124,000","-1,326,000","-7,414,000",-,"-3,965,000","-4,789,000","-4,335,000","-284,000","-3,297,000","2,457,000","-908,000","2,989,000","2,864,000",-,"-4,064,000","994,000","-1,483,000",Upgrade,Financials in USD,Fiscal year is June - May
EBIT Margin,-4.775%,-36.770%,7.620%,-0.347%,-4.398%,-30.234%,-,-14.942%,-21.904%,-18.273%,-1.344%,-8.816%,22.117%,-2.181%,6.654%,6.409%,-,-2.996%,0.637%,-0.970%,Upgrade,Financials in USD,Fiscal year is June - May
Effective Tax Rate,-,-,-,1.446%,-,-,-,-,-,-,-,-,-,-,-,-,-,-,-,-,Upgrade,Financials in USD,Fiscal year is June - May
Revenue as Reported,"32,564,000","24,705,000","37,886,000","35,704,000","30,150,000","24,522,000",-,"26,536,000","21,864,000","23,724,000",-,-,-,-,-,-,-,-,-,-,Upgrade,Financials in USD,Fiscal year is June - May
