Fiscal Year,TTM,FY 2024,FY 2023,FY 2022,FY 2021,FY 2020,2019 - 2015,Currency,Fiscal_Year_period
Period Ending,"Nov '24 Nov 24, 2024","May '24 May 26, 2024","May '23 May 28, 2023","May '22 May 29, 2022","May '21 May 30, 2021","May '20 May 31, 2020",2019 - 2015,,
Revenue,"130,858,000","128,261,000","103,269,000","111,270,000","100,874,000","160,066,000",Upgrade,Financials in USD,Fiscal year is June - May
Revenue Growth (YoY),16.469%,24.201%,-7.191%,10.306%,-36.980%,-71.292%,Upgrade,Financials in USD,Fiscal year is June - May
Cost of Revenue,"85,222,000","86,411,000","75,284,000","72,204,000","61,937,000","123,679,000",Upgrade,Financials in USD,Fiscal year is June - May
Gross Profit,"45,636,000","41,850,000","27,985,000","39,066,000","38,937,000","36,387,000",Upgrade,Financials in USD,Fiscal year is June - May
"Selling, General & Admin","47,089,000","40,463,000","38,969,000","34,659,000","29,321,000","38,172,000",Upgrade,Financials in USD,Fiscal year is June - May
Research & Development,"8,441,000","8,575,000","8,736,000","7,839,000","6,684,000","7,582,000",Upgrade,Financials in USD,Fiscal year is June - May
Operating Expenses,"55,530,000","49,038,000","47,705,000","42,498,000","36,005,000","45,754,000",Upgrade,Financials in USD,Fiscal year is June - May
Operating Income,"-9,894,000","-7,188,000","-19,720,000","-3,432,000","2,932,000","-9,367,000",Upgrade,Financials in USD,Fiscal year is June - May
Interest Expense,"-20,913,000","-18,090,000","-17,581,000","-15,470,000","-8,933,000","-4,646,000",Upgrade,Financials in USD,Fiscal year is June - May
Interest & Investment Income,-,-,-,-,"48,000","72,000",Upgrade,Financials in USD,Fiscal year is June - May
Other Non Operating Income (Expenses),"18,279,000","36,448,000","-810,000","6,574,000","-10,969,000","-195,000",Upgrade,Financials in USD,Fiscal year is June - May
EBT Excluding Unusual Items,"-12,528,000","11,170,000","-38,111,000","-12,328,000","-16,922,000","-14,136,000",Upgrade,Financials in USD,Fiscal year is June - May
Merger & Restructuring Charges,"-2,396,000","-1,656,000","-4,184,000","-8,359,000","-13,355,000","-4,054,000",Upgrade,Financials in USD,Fiscal year is June - May
Impairment of Goodwill,-,-,-,-,-,"-7,900,000",Upgrade,Financials in USD,Fiscal year is June - May
Gain (Loss) on Sale of Assets,-,-,"2,108,000",-,-,-,Upgrade,Financials in USD,Fiscal year is June - May
Asset Writedown,-,-,-,-,-,"-6,353,000",Upgrade,Financials in USD,Fiscal year is June - May
Other Unusual Items,-,-,"-23,741,000",-,"-1,110,000","-1,202,000",Upgrade,Financials in USD,Fiscal year is June - May
Pretax Income,"-14,924,000","9,514,000","-63,928,000","-20,687,000","-29,787,000","-30,645,000",Upgrade,Financials in USD,Fiscal year is June - May
Income Tax Expense,"178,000","183,000","308,000","-5,211,000","-6,350,000","-8,774,000",Upgrade,Financials in USD,Fiscal year is June - May
Earnings From Continuing Operations,"-15,102,000","9,331,000","-64,236,000","-15,476,000","-23,437,000","-21,871,000",Upgrade,Financials in USD,Fiscal year is June - May
Earnings From Discontinued Operations,"850,000","2,682,000","-35,327,000","-101,239,000","-8,857,000","-16,320,000",Upgrade,Financials in USD,Fiscal year is June - May
Net Income to Company,"-14,252,000","12,013,000","-99,563,000","-116,715,000","-32,294,000","-38,191,000",Upgrade,Financials in USD,Fiscal year is June - May
Net Income,"-14,252,000","12,013,000","-99,563,000","-116,715,000","-32,294,000","-38,191,000",Upgrade,Financials in USD,Fiscal year is June - May
Net Income to Common,"-16,384,000","12,013,000","-99,563,000","-116,715,000","-32,294,000","-38,191,000",Upgrade,Financials in USD,Fiscal year is June - May
Shares Outstanding (Basic),"31,563,548","30,474,000","29,958,000","29,466,000","29,294,000","29,162,000",Upgrade,Financials in USD,Fiscal year is June - May
Shares Outstanding (Diluted),"31,563,548","36,658,000","29,958,000","29,466,000","29,294,000","29,162,000",Upgrade,Financials in USD,Fiscal year is June - May
Shares Change (YoY),3.927%,22.365%,1.670%,0.587%,0.453%,1.940%,Upgrade,Financials in USD,Fiscal year is June - May
EPS (Basic),-0.519,0.394,-3.323,-3.961,-1.102,-1.310,Upgrade,Financials in USD,Fiscal year is June - May
EPS (Diluted),-0.526,0.323,-3.323,-3.966,-1.102,-1.310,Upgrade,Financials in USD,Fiscal year is June - May
Free Cash Flow,"-14,397,000","-18,138,000","-38,923,000","-52,533,000","-8,752,000","-43,727,000",Upgrade,Financials in USD,Fiscal year is June - May
Free Cash Flow Per Share,-0.456,-0.495,-1.299,-1.783,-0.299,-1.499,Upgrade,Financials in USD,Fiscal year is June - May
Gross Margin,34.874%,32.629%,27.099%,35.109%,38.600%,22.732%,Upgrade,Financials in USD,Fiscal year is June - May
Operating Margin,-7.561%,-5.604%,-19.096%,-3.084%,2.907%,-5.852%,Upgrade,Financials in USD,Fiscal year is June - May
Profit Margin,-12.520%,9.366%,-96.411%,-104.894%,-32.014%,-23.860%,Upgrade,Financials in USD,Fiscal year is June - May
Free Cash Flow Margin,-11.002%,-14.141%,-37.691%,-47.212%,-8.676%,-27.318%,Upgrade,Financials in USD,Fiscal year is June - May
EBITDA,"-1,432,000","1,171,000","-7,043,000","14,229,000","8,132,000","-1,267,000",Upgrade,Financials in USD,Fiscal year is June - May
EBITDA Margin,-1.094%,0.913%,-6.820%,12.788%,8.062%,-0.791%,Upgrade,Financials in USD,Fiscal year is June - May
D&A For EBITDA,"8,462,000","8,359,000","12,677,000","17,661,000","5,200,000","8,100,000",Upgrade,Financials in USD,Fiscal year is June - May
EBIT,"-9,894,000","-7,188,000","-19,720,000","-3,432,000","2,932,000","-9,367,000",Upgrade,Financials in USD,Fiscal year is June - May
EBIT Margin,-7.561%,-5.604%,-19.096%,-3.084%,2.906%,-5.852%,Upgrade,Financials in USD,Fiscal year is June - May
Effective Tax Rate,-,1.923%,-,-,-,-,Upgrade,Financials in USD,Fiscal year is June - May
Revenue as Reported,"130,858,000","128,261,000","103,269,000","111,270,000",-,-,Upgrade,Financials in USD,Fiscal year is June - May
Advertising Expenses,-,-,"5,100","5,600",100,"100,000",Upgrade,Financials in USD,Fiscal year is June - May
